@misc{ref:uci, url={http://archive.ics.uci.edu/ml/datasets/Heart Disease}, journal={UCI Machine Learning Repository: Heart Disease Data Set}, howpublished={\url{http://archive.ics.uci.edu/ml/datasets/Heart Disease}},}

@misc{ref:nltk, howpublished={\url{http://www.nltk.org/_modules/nltk/cluster/kmeans.html}},}